
   @MISC{RFC1122,
      author =       "R. Braden",
      title =        "{\it Requirements for Internet Hosts -- Communication Layers}",
      year =       "1989",
      month =        Oct,
      url =          "https://tools.ietf.org/html/rfc1122#page-42",
      note =         "[Online; navštíveno 19.11.2017]"
   }

   @MISC{RFC826,
	author =       "David C. Plummer",
	title =        "{\it An Ethernet Address Resolution Protocol}",
	year =         "1982",
	month =        Nov,
	url =          "https://tools.ietf.org/html/rfc826",
	note =         "[Online; navštíveno 19.11.2017]"
  }

 @MISC{RFC792,
	author =       "J. Postel",
	title =        "{\it INTERNET CONTROL MESSAGE PROTOCOL}",
	year =         "1981",
	month =        Sept,
	url =          "https://tools.ietf.org/html/rfc792",
	note =         "[Online; navštíveno 19.11.2017]"
}

 @MISC{RFC768,
	author =       "J. Postel",
	title =        "{\it User Datagram Protocol}",
	year =         "1980",
	month =        Aug,
	url =          "https://tools.ietf.org/html/rfc768",
	note =         "[Online; navštíveno 19.11.2017]"
}

 @MISC{RFC793,
	title =        "{\it TRANSMISSION CONTROL PROTOCOL}",
	year =         "1981",
	month =        Sept,
	url =          "https://tools.ietf.org/html/rfc793",
	note =         "[Online; navštíveno 19.11.2017]"
}



  